@misc{t2013,
  title={Computer Networks: Pearson New International Edition},
  author={Tanenbaum, AS and Wetherall, DJ},
  year={2013},
  publisher={Pearson custom library. Pearson Education, Limited}
}

@book{kurose2010,
	title={Redes de Computadores ea Internet: uma abordagem top-down},
	author={Kurose, James F and Ross, Keith W and Marques, Arlete Simille and Zucchi, Wagner Luiz},
	year={2010},
	publisher={Pearson}
}

@ARTICLE{ref3,
	author={I. F. Akyildiz and A. Lee and P. Wang and M. Luo and W. Chou},
	journal={IEEE Network},
	title={Research challenges for traffic engineering in software defined networks},
	year={2016},
	volume={30},
	number={3},
	pages={52-58},
	keywords={software defined networking;traffic engineering computing;ATM;IP networks;MPLS network;SDN;data forwarding plane;fault tolerance;flow management;novel traffic engineering solutions;software defined networks;topology update;traffic analysis;Computer architecture;Control systems;Load management;Program processors;Quality of service;Resource management;Software defined networks;Traffic control},
	doi={10.1109/MNET.2016.7474344},
	ISSN={0890-8044},
	month={May},}

@article{ref4,
	title={Redes ad hoc m{\'o}veis},
	author={Hoebeke, Jeroen and Moerman, Ingrid and Dhoedt, Bart and Demeester, Piet},
	journal={RTI, Redes, Telecom e Instala{\c{c}}{\~o}es},
	volume={6},
	number={69},
	pages={64--74},
	year={2006}
}
